<record><leader>00000cas a22000007a 4500</leader><controlfield tag="001">11596358</controlfield><controlfield tag="008">850118d18791880wiuwr ne      0    0eng d</controlfield><datafield ind1=" " ind2=" " tag="010"><subfield code="a">sn 85040028 </subfield></datafield><datafield ind1=" " ind2=" " tag="040"><subfield code="a">NPV</subfield><subfield code="b">eng</subfield><subfield code="c">NPV</subfield><subfield code="d">OCLCQ</subfield></datafield><datafield ind1=" " ind2=" " tag="042"><subfield code="a">msc</subfield></datafield><datafield ind1=" " ind2=" " tag="043"><subfield code="a">n-us-wi</subfield></datafield><datafield ind1=" " ind2=" " tag="045"><subfield code="a">w7w8</subfield></datafield><datafield ind1=" " ind2=" " tag="052"><subfield code="a">4123</subfield><subfield code="b">K4</subfield></datafield><datafield ind1="0" ind2=" " tag="130"><subfield code="a">Kenosha Democrat (Kenosha, Wis. : 1879)</subfield></datafield><datafield ind1="1" ind2="0" tag="245"><subfield code="a">Kenosha Democrat.</subfield></datafield><datafield ind1=" " ind2=" " tag="260"><subfield code="a">Kenosha, Wis. :</subfield><subfield code="b">B.A. Cole,</subfield><subfield code="c">1879-1880.</subfield></datafield><datafield ind1=" " ind2=" " tag="300"><subfield code="a">2 v. :</subfield><subfield code="b">ill. (chiefly advertisements)</subfield></datafield><datafield ind1=" " ind2=" " tag="310"><subfield code="a">Weekly</subfield></datafield><datafield ind1="0" ind2=" " tag="362"><subfield code="a">Vol. 1, no. 1 (Oct. 18, 1879)-v. 2, no. 8 (Dec. 2, 1880).</subfield></datafield><datafield ind1=" " ind2=" " tag="500"><subfield code="a">"Democratic at all times and under all circumstances."</subfield></datafield><datafield ind1=" " ind2=" " tag="500"><subfield code="a">Editor: G.A. Warvelle.</subfield></datafield><datafield ind1=" " ind2=" " tag="530"><subfield code="a">Available on microfilm from The State Historical Society of Wisconsin.</subfield></datafield><datafield ind1=" " ind2=" " tag="752"><subfield code="a">United States</subfield><subfield code="b">Wisconsin</subfield><subfield code="c">Kenosha</subfield><subfield code="d">Kenosha.</subfield></datafield><datafield ind1="0" ind2="0" tag="785"><subfield code="t">Kenosha courier</subfield><subfield code="w">(DLC)sn 85040029</subfield></datafield><datafield ind1="1" ind2=" " tag="029"><subfield code="a">AU@</subfield><subfield code="b">000025795996</subfield></datafield></record>